34100000         207671092000180                    00000 000000000000  EMPRESA 1 CABEÇALHO BANCO ITAU S.A.                         217092025034617000616084                                                                          
34100011I0300022 2007671092000180                    00000 000000000000  EMPRESA 1  CABEÇALHO                                                                                                                                        
3410001300001G 01033931230000009214194517814000000054351901012002959392000146EMPRESA A1010202500000000009214100000000000000009316321753      000000          10216092025000000000000940 00000000000000000000000000181020253
3410001300002H 012002959392000146EMPRESA A                                 00000000000000000000000 00000000000000000000000111102025000000000001843000000000000000                                                                                
34100015         000004000000000000092141000000000000000000                                                                                                                                                                                     
34199999         000001000006                                                                                                                                                                                                                   
