34100000         207671092000180                    00000 000000000000  TBM TEXTIL BEZERRA DE MENEZES BANCO ITAU S.A.                         217092025034617000616084                                                                          
34100011I0300022 2007671092000180                    00000 000000000000  TBM TEXTIL BEZERRA DE MENEZES                                                                                                                                          
3410001300001J 01033931230000009214194517814000000054351901012002959392000146UP BRASIL ADMINISTRACAO E SERV0910202500000000009214100000000000000000000000000000171020250000000000921410000000000000000000000000031621753      000000          1021609202500000000000092141 0000000000000000000000000017102025
3410001300002H 012002959392000146UpBrasil                                 00000000000000000000000 00000000000000000000000111171020250000000000092141000000000000000                                                                                
34100015         000001000000000000921410000000000000000000                                                                                                                                                                                     
34199999         000001000006                                                                                                                                                                                                                   